Automatically generated by Mendeley Desktop 1.19.4
Any changes to this file will be lost if it is regenerated by Mendeley.

BibTeX export options can be customized via Options -> BibTeX in Mendeley Desktop

@article{Audio2Vec,
author = {Tagliasacchi, Marco and Gfeller, Beat and Quitry, F{\'{e}}lix De Chaumont and Roblek, Dominik},
file = {:E$\backslash$:/2{\_}Master Sujets et Matieres/Stage{\_}Cense{\_}2020/Presentation{\_}Audio2Vec/Audio2Vec.pdf:pdf},
journal = {IEEE Signal Processing Letters},
title = {{Learning audio representations with self-supervision}},
year = {2020}
}
